@book{schur_neue_1905,
	title = {Neue Begründung der Theorie der Gruppencharaktere},
	series = {Sitzungsberichte der Königlich-Preussischen Akademie der Wissenschaften zu Berlin},
	author = {Schur, I.},
	date = {1905}
}

@article{Lu2014,
  doi = {10.1038/nphoton.2014.248},
  url = {https://doi.org/10.1038/nphoton.2014.248},
  year = {2014},
  month = oct,
  publisher = {Springer Science and Business Media {LLC}},
  volume = {8},
  number = {11},
  pages = {821--829},
  author = {Ling Lu and John D. Joannopoulos and Marin Solja{\v{c}}i{\'{c}}},
  title = {Topological photonics},
  journal = {Nature Photonics}
}

@article{Amo2016,
title = "Exciton-polaritons in lattices: A non-linear photonic simulator",
journal = "Comptes Rendus Physique",
volume = "17",
number = "8",
pages = "934 - 945",
year = "2016",
note = "Polariton physics / Physique des polaritons",
issn = "1631-0705",
doi = "https://doi.org/10.1016/j.crhy.2016.08.007",
url = "http://www.sciencedirect.com/science/article/pii/S163107051630086X",
author = "Alberto Amo and Jacqueline Bloch",
keywords = "Polaritons, Nonlinear optics, Josephson effect, Flatband, Condensation, Honeycomb, Topology, Analog quantum simulation",
abstract = "Microcavity polaritons are mixed light–matter quasiparticles with extraordinary nonlinear properties, which can be easily accessed in photoluminescence experiments. Thanks to the possibility of designing the potential landscape of polaritons, this system provides a versatile photonic platform to emulate 1D and 2D Hamiltonians. Polaritons allow transposing to the photonic world some of the properties of electrons in solid-state systems, and to engineer Hamiltonians for photons with novel transport properties. Here we review some experimental implementations of polariton Hamiltonians using lattice geometries.
Résumé
Les polaritons de cavités sont des quasi-particules hybrides lumière–matière. Ils présentent des propriétés non linéaires extraordinaires, que l'on peut observer aisément dans des expériences de photoluminescence. En sculptant la forme du potentiel ressenti par les polaritons, on obtient une plateforme photonique particulièrement versatile pour émuler des hamiltoniens 1D ou 2D. Ainsi, les polaritons nous permettent-ils de transposer dans le monde photonique certaines des propriétés des électrons dans les solides et de donner à des photons de nouvelles propriétés de transport. Dans cet article, nous présentons quelques-unes des implémentations expérimentales des hamiltoniens pour les polaritons, qui sont basées sur différentes géométries de réseaux."
}

@article{Deveaud2015,
  doi = {10.1146/annurev-conmatphys-031214-014542},
  url = {https://doi.org/10.1146/annurev-conmatphys-031214-014542},
  year = {2015},
  month = mar,
  publisher = {Annual Reviews},
  volume = {6},
  number = {1},
  pages = {155--175},
  author = {Beno{\^{\i}}t Deveaud},
  title = {Exciton-Polariton Bose-Einstein Condensates},
  journal = {Annual Review of Condensed Matter Physics}
}

@incollection{Selvaraja2018,
  doi = {10.5772/intechopen.77150},
  url = {https://doi.org/10.5772/intechopen.77150},
  year = {2018},
  month = aug,
  publisher = {{InTech}},
  author = {Shankar Kumar Selvaraja and Purnima Sethi},
  title = {Review on Optical Waveguides},
  booktitle = {Emerging Waveguide Technology}
}

@article{Noether1971,
  doi = {10.1080/00411457108231446},
  url = {https://doi.org/10.1080/00411457108231446},
  year = {1971},
  month = jan,
  publisher = {Informa {UK} Limited},
  volume = {1},
  number = {3},
  pages = {186--207},
  author = {Emmy Noether},
  title = {Invariant variation problems},
  journal = {Transport Theory and Statistical Physics}
}

@article{Montangero2009,
  title = {Critical exponents with a multiscale entanglement renormalization Ansatz channel},
  author = {Montangero, S. and Rizzi, M. and Giovannetti, V. and Fazio, Rosario},
  journal = {Phys. Rev. B},
  volume = {80},
  issue = {11},
  pages = {113103},
  numpages = {4},
  year = {2009},
  month = {Sep},
  publisher = {American Physical Society},
  doi = {10.1103/PhysRevB.80.113103},
  url = {https://link.aps.org/doi/10.1103/PhysRevB.80.113103}
}

@article{Vanhecke2019,
  title = {Scaling Hypothesis for Matrix Product States},
  author = {Vanhecke, Bram and Haegeman, Jutho and Van Acoleyen, Karel and Vanderstraeten, Laurens and Verstraete, Frank},
  journal = {Phys. Rev. Lett.},
  volume = {123},
  issue = {25},
  pages = {250604},
  numpages = {6},
  year = {2019},
  month = {Dec},
  publisher = {American Physical Society},
  doi = {10.1103/PhysRevLett.123.250604},
  url = {https://link.aps.org/doi/10.1103/PhysRevLett.123.250604}
}

@article{Tagliacozzo2008,
  title = {Scaling of entanglement support for matrix product states},
  author = {Tagliacozzo, L. and de Oliveira, Thiago. R. and Iblisdir, S. and Latorre, J. I.},
  journal = {Phys. Rev. B},
  volume = {78},
  issue = {2},
  pages = {024410},
  numpages = {14},
  year = {2008},
  month = {Jul},
  publisher = {American Physical Society},
  doi = {10.1103/PhysRevB.78.024410},
  url = {https://link.aps.org/doi/10.1103/PhysRevB.78.024410}
}

@article{Singh2010,
  doi = {10.1103/physreva.82.050301},
  url = {https://doi.org/10.1103/physreva.82.050301},
  year = {2010},
  month = nov,
  publisher = {American Physical Society ({APS})},
  volume = {82},
  number = {5},
  author = {Sukhwinder Singh and Robert N. C. Pfeifer and Guifr{\'{e}} Vidal},
  title = {Tensor network decompositions in the presence of a global symmetry},
  journal = {Physical Review A}
}

@article{Singh2013,
  doi = {10.1103/physrevb.88.115147},
  url = {https://doi.org/10.1103/physrevb.88.115147},
  year = {2013},
  month = sep,
  publisher = {American Physical Society ({APS})},
  volume = {88},
  number = {11},
  author = {Sukhwinder Singh and Guifre Vidal},
  title = {Global symmetries in tensor network states: Symmetric tensors versus minimal bond dimension},
  journal = {Physical Review B}
}

@article{Knap2013,
  title = {Probing Real-Space and Time-Resolved Correlation Functions with Many-Body Ramsey Interferometry},
  author = {Knap, Michael and Kantian, Adrian and Giamarchi, Thierry and Bloch, Immanuel and Lukin, Mikhail D. and Demler, Eugene},
  journal = {Phys. Rev. Lett.},
  volume = {111},
  issue = {14},
  pages = {147205},
  numpages = {6},
  year = {2013},
  month = {Oct},
  publisher = {American Physical Society},
  doi = {10.1103/PhysRevLett.111.147205},
  url = {https://link.aps.org/doi/10.1103/PhysRevLett.111.147205}
}

@article{Zeiher2016,
  doi = {10.1038/nphys3835},
  url = {https://doi.org/10.1038/nphys3835},
  year = {2016},
  month = aug,
  publisher = {Springer Science and Business Media {LLC}},
  volume = {12},
  number = {12},
  pages = {1095--1099},
  author = {Johannes Zeiher and Rick van Bijnen and Peter Schau{\ss} and Sebastian Hild and Jae-yoon Choi and Thomas Pohl and Immanuel Bloch and Christian Gross},
  title = {Many-body interferometry of a Rydberg-dressed spin~lattice},
  journal = {Nature Physics}
}

@article{Lee2007,
  title = {Particle-Hole Symmetry and the $\ensuremath{\nu}=\frac{5}{2}$ Quantum Hall State},
  author = {Lee, Sung-Sik and Ryu, Shinsei and Nayak, Chetan and Fisher, Matthew P. A.},
  journal = {Phys. Rev. Lett.},
  volume = {99},
  issue = {23},
  pages = {236807},
  numpages = {4},
  year = {2007},
  month = {Dec},
  publisher = {American Physical Society},
  doi = {10.1103/PhysRevLett.99.236807},
  url = {https://link.aps.org/doi/10.1103/PhysRevLett.99.236807}
}

@article{Levin2007,
  title = {Particle-Hole Symmetry and the Pfaffian State},
  author = {Levin, Michael and Halperin, Bertrand I. and Rosenow, Bernd},
  journal = {Phys. Rev. Lett.},
  volume = {99},
  issue = {23},
  pages = {236806},
  numpages = {4},
  year = {2007},
  month = {Dec},
  publisher = {American Physical Society},
  doi = {10.1103/PhysRevLett.99.236806},
  url = {https://link.aps.org/doi/10.1103/PhysRevLett.99.236806}
}

@article{Rezayi2017,
  title = {Landau Level Mixing and the Ground State of the $\ensuremath{\nu}=5/2$ Quantum Hall Effect},
  author = {Rezayi, Edward H.},
  journal = {Phys. Rev. Lett.},
  volume = {119},
  issue = {2},
  pages = {026801},
  numpages = {5},
  year = {2017},
  month = {Jul},
  publisher = {American Physical Society},
  doi = {10.1103/PhysRevLett.119.026801},
  url = {https://link.aps.org/doi/10.1103/PhysRevLett.119.026801}
}

@article{Simon2020,
  title = {Energetics of Pfaffian--anti-Pfaffian domains},
  author = {Simon, Steven H. and Ippoliti, Matteo and Zaletel, Michael P. and Rezayi, Edward H.},
  journal = {Phys. Rev. B},
  volume = {101},
  issue = {4},
  pages = {041302},
  numpages = {4},
  year = {2020},
  month = {Jan},
  publisher = {American Physical Society},
  doi = {10.1103/PhysRevB.101.041302},
  url = {https://link.aps.org/doi/10.1103/PhysRevB.101.041302}
}

@article{Bloch2008,
  title = {Many-body physics with ultracold gases},
  author = {Bloch, Immanuel and Dalibard, Jean and Zwerger, Wilhelm},
  journal = {Rev. Mod. Phys.},
  volume = {80},
  issue = {3},
  pages = {885--964},
  numpages = {0},
  year = {2008},
  month = {Jul},
  publisher = {American Physical Society},
  doi = {10.1103/RevModPhys.80.885},
  url = {https://link.aps.org/doi/10.1103/RevModPhys.80.885}
}

@article{Jaksch1998,
  title = {Cold Bosonic Atoms in Optical Lattices},
  author = {Jaksch, D. and Bruder, C. and Cirac, J. I. and Gardiner, C. W. and Zoller, P.},
  journal = {Phys. Rev. Lett.},
  volume = {81},
  issue = {15},
  pages = {3108--3111},
  numpages = {0},
  year = {1998},
  month = {Oct},
  publisher = {American Physical Society},
  doi = {10.1103/PhysRevLett.81.3108},
  url = {https://link.aps.org/doi/10.1103/PhysRevLett.81.3108}
}

@article{Buechler2010,
  title = {Microscopic Derivation of Hubbard Parameters for Cold Atomic Gases},
  author = {B\"uchler, Hans Peter},
  journal = {Phys. Rev. Lett.},
  volume = {104},
  issue = {9},
  pages = {090402},
  numpages = {4},
  year = {2010},
  month = {Mar},
  publisher = {American Physical Society},
  doi = {10.1103/PhysRevLett.104.090402},
  url = {https://link.aps.org/doi/10.1103/PhysRevLett.104.090402}
}

@article{Alexandrov1991,
  title = {Orbital diamagnetism of two-dimensional electrons},
  author = {Alexandrov, A. S. and Capellmann, H.},
  journal = {Phys. Rev. Lett.},
  volume = {66},
  issue = {3},
  pages = {365--368},
  numpages = {0},
  year = {1991},
  month = {Jan},
  publisher = {American Physical Society},
  doi = {10.1103/PhysRevLett.66.365},
  url = {https://link.aps.org/doi/10.1103/PhysRevLett.66.365}
}

@article{Arnoldi1951,
  doi = {10.1090/qam/42792},
  url = {https://doi.org/10.1090/qam/42792},
  year = {1951},
  month = apr,
  publisher = {American Mathematical Society ({AMS})},
  volume = {9},
  number = {1},
  pages = {17--29},
  author = {W. E. Arnoldi},
  title = {The principle of minimized iterations in the solution of the matrix eigenvalue problem},
  journal = {Quarterly of Applied Mathematics}
}

@article{Wolff2020,
	title={{Numerical evaluation of two-time correlation functions in open quantum  systems with matrix product state methods: a comparison}},
	author={Stefan Wolff and Ameneh Sheikhan and Corinna Kollath},
	journal={SciPost Phys. Core},
	volume={3},
	issue={2},
	pages={10},
	year={2020},
	publisher={SciPost},
	doi={10.21468/SciPostPhysCore.3.2.010},
	url={https://scipost.org/10.21468/SciPostPhysCore.3.2.010},
}

@article{Bravyi2002,
title = "Fermionic Quantum Computation",
journal = "Annals of Physics",
volume = "298",
number = "1",
pages = "210 - 226",
year = "2002",
issn = "0003-4916",
doi = "https://doi.org/10.1006/aphy.2002.6254",
url = "http://www.sciencedirect.com/science/article/pii/S0003491602962548",
author = "Sergey B. Bravyi and Alexei Yu. Kitaev",
abstract = "We define a model of quantum computation with local fermionic modes (LFMs)—sites which can be either empty or occupied by a fermion. With the standard correspondence between the Foch space of m LFMs and the Hilbert space of m qubits, simulation of one fermionic gate takes O(m) qubit gates and vice versa. We show that using different encodings, the simulation cost can be reduced to O(log m) and a constant, respectively. Nearest neighbors fermionic gates on a graph of bounded degree can be simulated at a constant cost. A universal set of fermionic gates is found. We also study computation with Majorana fermions which are basically halves of LFMs. Some connection to qubit quantum codes is made."
}

@article{Laflorencie2016,
title = "Quantum entanglement in condensed matter systems",
journal = "Physics Reports",
volume = "646",
pages = "1 - 59",
year = "2016",
note = "Quantum entanglement in condensed matter systems",
issn = "0370-1573",
doi = "https://doi.org/10.1016/j.physrep.2016.06.008",
url = "http://www.sciencedirect.com/science/article/pii/S0370157316301582",
author = "Nicolas Laflorencie",
abstract = "This review focuses on the field of quantum entanglement applied to condensed matter physics systems with strong correlations, a domain which has rapidly grown over the last decade. By tracing out part of the degrees of freedom of correlated quantum systems, useful and non-trivial information can be obtained through the study of the reduced density matrix, whose eigenvalue spectrum (the entanglement spectrum) and the associated Rényi entropies are now well recognized to contain key features. In particular, the celebrated area law for the entanglement entropy of ground-states will be discussed from the perspective of its subleading corrections which encode universal details of various quantum states of matter, e.g. symmetry breaking states or topological order. Going beyond entropies, the study of the low-lying part of the entanglement spectrum also allows to diagnose topological properties or give a direct access to the excitation spectrum of the edges, and may also raise significant questions about the underlying entanglement Hamiltonian. All these powerful tools can be further applied to shed some light on disordered quantum systems where impurity/disorder can conspire with quantum fluctuations to induce non-trivial effects. Disordered quantum spin systems, the Kondo effect, or the many-body localization problem, which have all been successfully (re)visited through the prism of quantum entanglement, will be discussed in detail. Finally, the issue of experimental access to entanglement measurement will be addressed, together with its most recent developments."
}

@article{Wigner1958OnTD,
  title={On the Distribution of the Roots of Certain Symmetric Matrices},
  author={E. P. Wigner},
  journal={Annals of Mathematics},
  year={1958},
  volume={67},
  pages={325}
}

@article{Orus2008,
  title = {Infinite time-evolving block decimation algorithm beyond unitary evolution},
  author = {Or\'us, R. and Vidal, G.},
  journal = {Phys. Rev. B},
  volume = {78},
  issue = {15},
  pages = {155117},
  numpages = {11},
  year = {2008},
  month = {Oct},
  publisher = {American Physical Society},
  doi = {10.1103/PhysRevB.78.155117},
  url = {https://link.aps.org/doi/10.1103/PhysRevB.78.155117}
}

@article{Vidal2007,
  title = {Classical Simulation of Infinite-Size Quantum Lattice Systems in One Spatial Dimension},
  author = {Vidal, G.},
  journal = {Phys. Rev. Lett.},
  volume = {98},
  issue = {7},
  pages = {070201},
  numpages = {4},
  year = {2007},
  month = {Feb},
  publisher = {American Physical Society},
  doi = {10.1103/PhysRevLett.98.070201},
  url = {https://link.aps.org/doi/10.1103/PhysRevLett.98.070201}
}

@article{Lieb1961,
  doi = {10.1016/0003-4916(61)90115-4},
  url = {https://doi.org/10.1016/0003-4916(61)90115-4},
  year = {1961},
  month = dec,
  publisher = {Elsevier {BV}},
  volume = {16},
  number = {3},
  pages = {407--466},
  author = {Elliott Lieb and Theodore Schultz and Daniel Mattis},
  title = {Two soluble models of an antiferromagnetic chain},
  journal = {Annals of Physics}
}

@article{Cazalilla2004,
  doi = {10.1088/0953-4075/37/7/051},
  url = {https://doi.org/10.1088/0953-4075/37/7/051},
  year = {2004},
  month = mar,
  publisher = {{IOP} Publishing},
  volume = {37},
  number = {7},
  pages = {S1--S47},
  author = {M A Cazalilla},
  title = {Bosonizing one-dimensional cold atomic gases},
  journal = {Journal of Physics B: Atomic,  Molecular and Optical Physics}
}

@article{Jordan1928,
  doi = {10.1007/bf01331938},
  url = {https://doi.org/10.1007/bf01331938},
  year = {1928},
  month = sep,
  publisher = {Springer Science and Business Media {LLC}},
  volume = {47},
  number = {9-10},
  pages = {631--651},
  author = {P. Jordan and E. Wigner},
  title = {Über das Paulische Äquivalenzverbot},
  journal = {Zeitschrift für Physik}
}

@article{Kim2006,
  doi = {10.1038/nphys316},
  url = {https://doi.org/10.1038/nphys316},
  year = {2006},
  month = may,
  publisher = {Springer Science and Business Media {LLC}},
  volume = {2},
  number = {6},
  pages = {397--401},
  author = {B. J. Kim and H. Koh and E. Rotenberg and S.-J. Oh and H. Eisaki and N. Motoyama and S. Uchida and T. Tohyama and S. Maekawa and Z.-X. Shen and C. Kim},
  title = {Distinct spinon and holon dispersions in photoemission spectral functions from one-dimensional {SrCuO}2},
  journal = {Nature Physics}
}

@article{Haldane1981,
  doi = {10.1088/0022-3719/14/19/010},
  url = {https://doi.org/10.1088/0022-3719/14/19/010},
  year = {1981},
  month = jul,
  publisher = {{IOP} Publishing},
  volume = {14},
  number = {19},
  pages = {2585--2609},
  author = {F D M Haldane},
  title = {Luttinger liquid theory of one-dimensional quantum fluids. I. Properties of the Luttinger model and their extension to the general 1D interacting spinless Fermi gas},
  journal = {Journal of Physics C: Solid State Physics}
}

@article{Luttinger1963,
  doi = {10.1063/1.1704046},
  url = {https://doi.org/10.1063/1.1704046},
  year = {1963},
  month = sep,
  publisher = {{AIP} Publishing},
  volume = {4},
  number = {9},
  pages = {1154--1162},
  author = {J. M. Luttinger},
  title = {An Exactly Soluble Model of a Many-Fermion System},
  journal = {Journal of Mathematical Physics}
}

@article{Tomonaga1950,
  doi = {10.1143/ptp/5.4.544},
  url = {https://doi.org/10.1143/ptp/5.4.544},
  year = {1950},
  month = jul,
  publisher = {Oxford University Press ({OUP})},
  volume = {5},
  number = {4},
  pages = {544--569},
  author = {S.-i. Tomonaga},
  title = {Remarks on Bloch's Method of Sound Waves applied to Many-Fermion Problems},
  journal = {Progress of Theoretical Physics}
}

@article{Jompol2009,
  doi = {10.1126/science.1171769},
  url = {https://doi.org/10.1126/science.1171769},
  year = {2009},
  month = jul,
  publisher = {American Association for the Advancement of Science ({AAAS})},
  volume = {325},
  number = {5940},
  pages = {597--601},
  author = {Y. Jompol and C. J. B. Ford and J. P. Griffiths and I. Farrer and G. A. C. Jones and D. Anderson and D. A. Ritchie and T. W. Silk and A. J. Schofield},
  title = {Probing Spin-Charge Separation in a Tomonaga-Luttinger Liquid},
  journal = {Science}
}

@article{Imambekov2009,
  doi = {10.1126/science.1165403},
  url = {https://doi.org/10.1126/science.1165403},
  year = {2009},
  month = jan,
  publisher = {American Association for the Advancement of Science ({AAAS})},
  volume = {323},
  number = {5911},
  pages = {228--231},
  author = {A. Imambekov and L. I. Glazman},
  title = {Universal Theory of Nonlinear Luttinger Liquids},
  journal = {Science}
}

@article{Esslinger2010,
  doi = {10.1146/annurev-conmatphys-070909-104059},
  url = {https://doi.org/10.1146/annurev-conmatphys-070909-104059},
  year = {2010},
  month = aug,
  publisher = {Annual Reviews},
  volume = {1},
  number = {1},
  pages = {129--152},
  author = {Tilman Esslinger},
  title = {Fermi-Hubbard Physics with Atoms in an Optical Lattice},
  journal = {Annual Review of Condensed Matter Physics}
}

@article{Anisimov2002,
  doi = {10.1140/epjb/e20020021},
  url = {https://doi.org/10.1140/epjb/e20020021},
  year = {2002},
  month = feb,
  publisher = {Springer Science and Business Media {LLC}},
  volume = {25},
  number = {2},
  pages = {191--201},
  author = {V.I. Anisimov and I.A. Nekrasov and D.E. Kondakov and T.M. Rice and M. Sigrist},
  title = {Orbital-selective Mott-insulator transition in Ca 2 - x Sr x {RuO} 4},
  journal = {The European Physical Journal B}
}

@article{vanDongen2005,
  title = {Orbital-selective Mott transitions in the anisotropic two-band Hubbard model at finite temperatures},
  author = {Knecht, C. and Bl\"umer, N. and van Dongen, P. G. J.},
  journal = {Phys. Rev. B},
  volume = {72},
  issue = {8},
  pages = {081103},
  numpages = {4},
  year = {2005},
  month = {Aug},
  publisher = {American Physical Society},
  doi = {10.1103/PhysRevB.72.081103},
  url = {https://link.aps.org/doi/10.1103/PhysRevB.72.081103}
}

@article{Luttinger1951,
  title = {The Effect of a Magnetic Field on Electrons in a Periodic Potential},
  author = {Luttinger, J. M.},
  journal = {Phys. Rev.},
  volume = {84},
  issue = {4},
  pages = {814--817},
  numpages = {0},
  year = {1951},
  month = {Nov},
  publisher = {American Physical Society},
  doi = {10.1103/PhysRev.84.814},
  url = {https://link.aps.org/doi/10.1103/PhysRev.84.814}
}

@misc{WikiPeierls,
  author = "{Wikipedia contributors}",
  title = "Peierls substitution --- {Wikipedia}{,} The Free Encyclopedia",
  year = "2020",
  howpublished = "\url{https://en.wikipedia.org/w/index.php?title=Peierls_substitution&oldid=974879663}",
  note = "[Online; accessed 29-October-2020]"
}

@article{Peierls1933,
  doi = {10.1007/bf01342591},
  url = {https://doi.org/10.1007/bf01342591},
  year = {1933},
  month = nov,
  publisher = {Springer Science and Business Media {LLC}},
  volume = {80},
  number = {11-12},
  pages = {763--791},
  author = {R. Peierls},
  title = {Zur Theorie des Diamagnetismus von Leitungselektronen},
  journal = {Zeitschrift für Physik}
}

@article{Hofstadter1976,
  title = {Energy levels and wave functions of Bloch electrons in rational and irrational magnetic fields},
  author = {Hofstadter, Douglas R.},
  journal = {Phys. Rev. B},
  volume = {14},
  issue = {6},
  pages = {2239--2249},
  numpages = {0},
  year = {1976},
  month = {Sep},
  publisher = {American Physical Society},
  doi = {10.1103/PhysRevB.14.2239},
  url = {https://link.aps.org/doi/10.1103/PhysRevB.14.2239}
}

@book{Aidelsburger2016,
  doi = {10.1007/978-3-319-25829-4},
  url = {https://doi.org/10.1007/978-3-319-25829-4},
  year = {2016},
  publisher = {Springer International Publishing},
  author = {Monika Aidelsburger},
  title = {Artificial Gauge Fields with Ultracold Atoms in Optical Lattices}
}

@article{Heinzner2005,
  doi = {10.1007/s00220-005-1330-9},
  url = {https://doi.org/10.1007/s00220-005-1330-9},
  year = {2005},
  month = may,
  publisher = {Springer Science and Business Media {LLC}},
  volume = {257},
  number = {3},
  pages = {725--771},
  author = {P. Heinzner and A. Huckleberry and M.R. Zirnbauer},
  title = {Symmetry Classes of Disordered Fermions},
  journal = {Communications in Mathematical Physics}
}

@article{Schnyder2008,
  title = {Classification of topological insulators and superconductors in three spatial dimensions},
  author = {Schnyder, Andreas P. and Ryu, Shinsei and Furusaki, Akira and Ludwig, Andreas W. W.},
  journal = {Phys. Rev. B},
  volume = {78},
  issue = {19},
  pages = {195125},
  numpages = {22},
  year = {2008},
  month = {Nov},
  publisher = {American Physical Society},
  doi = {10.1103/PhysRevB.78.195125},
  url = {https://link.aps.org/doi/10.1103/PhysRevB.78.195125}
}

@article{Ryu2010,
  doi = {10.1088/1367-2630/12/6/065010},
  url = {https://doi.org/10.1088/1367-2630/12/6/065010},
  year = {2010},
  month = jun,
  publisher = {{IOP} Publishing},
  volume = {12},
  number = {6},
  pages = {065010},
  author = {Shinsei Ryu and Andreas P Schnyder and Akira Furusaki and Andreas W W Ludwig},
  title = {Topological insulators and superconductors: tenfold way and dimensional hierarchy},
  journal = {New Journal of Physics}
}

@article{Qi2008,
  title = {Topological field theory of time-reversal invariant insulators},
  author = {Qi, Xiao-Liang and Hughes, Taylor L. and Zhang, Shou-Cheng},
  journal = {Phys. Rev. B},
  volume = {78},
  issue = {19},
  pages = {195424},
  numpages = {43},
  year = {2008},
  month = {Nov},
  publisher = {American Physical Society},
  doi = {10.1103/PhysRevB.78.195424},
  url = {https://link.aps.org/doi/10.1103/PhysRevB.78.195424}
}

@article{Goldman2005,
  title = "Curvature formulas for implicit curves and surfaces",
  journal = "Computer Aided Geometric Design",
  volume = "22",
  number = "7",
  pages = "632 - 658",
  year = "2005",
  note = "Geometric Modelling and Differential Geometry",
  issn = "0167-8396",
  doi = "https://doi.org/10.1016/j.cagd.2005.06.005",
  url = "http://www.sciencedirect.com/science/article/pii/S0167839605000737",
  author = "Ron Goldman",
  keywords = "Curvature, Torsion, Gaussian curvature, Mean curvature, Gradient, Hessian, Implicit curves, Implicit surface",
  abstract = "Curvature formulas for implicit curves and surfaces are derived from the classical curvature formulas in Differential Geometry for parametric curves and surfaces. These closed formulas include curvature for implicit planar curves, curvature and torsion for implicit space curves, and mean and Gaussian curvature for implicit surfaces. Some extensions of these curvature formulas to higher dimensions are also provided."
}
@book{Schwabl2007,
  author = {Schwabl, Franz},
  doi = {10.1007/978-3-540-71933-5},
  url = {https://doi.org/10.1007/978-3-540-71933-5},
  year = {2007},
  publisher = {Springer Berlin Heidelberg},
  title = {Quantum Mechanics}
}

@article{Chiu2016,
  title = {Classification of topological quantum matter with symmetries},
  author = {Chiu, Ching-Kai and Teo, Jeffrey C. Y. and Schnyder, Andreas P. and Ryu, Shinsei},
  journal = {Rev. Mod. Phys.},
  volume = {88},
  issue = {3},
  pages = {035005},
  numpages = {63},
  year = {2016},
  month = {Aug},
  publisher = {American Physical Society},
  doi = {10.1103/RevModPhys.88.035005},
  url = {https://link.aps.org/doi/10.1103/RevModPhys.88.035005}
}

@article{Thouless1982,
  title = {Quantized Hall Conductance in a Two-Dimensional Periodic Potential},
  author = {Thouless, D. J. and Kohmoto, M. and Nightingale, M. P. and den Nijs, M.},
  journal = {Phys. Rev. Lett.},
  volume = {49},
  issue = {6},
  pages = {405--408},
  numpages = {0},
  year = {1982},
  month = {Aug},
  publisher = {American Physical Society},
  doi = {10.1103/PhysRevLett.49.405},
  url = {https://link.aps.org/doi/10.1103/PhysRevLett.49.405}
}

@article{Heeger1988,
  title = {Solitons in conducting polymers},
  author = {Heeger, A. J. and Kivelson, S. and Schrieffer, J. R. and Su, W. -P.},
  journal = {Rev. Mod. Phys.},
  volume = {60},
  issue = {3},
  pages = {781--850},
  numpages = {0},
  year = {1988},
  month = {Jul},
  publisher = {American Physical Society},
  doi = {10.1103/RevModPhys.60.781},
  url = {https://link.aps.org/doi/10.1103/RevModPhys.60.781}
}

@article{Berry1984,
    author = {Berry, Michael Victor },
    title = {Quantal phase factors accompanying adiabatic changes},
    journal = {Proceedings of the Royal Society of London. A. Mathematical and Physical Sciences},
    volume = {392},
    number = {1802},
    pages = {45-57},
    year = {1984},
    doi = {10.1098/rspa.1984.0023},
    URL = {https://royalsocietypublishing.org/doi/abs/10.1098/rspa.1984.0023},
    eprint = {https://royalsocietypublishing.org/doi/pdf/10.1098/rspa.1984.0023},
    abstract = { A quantal system in an eigenstate, slowly transported round a circuit C by varying parameters R in its Hamiltonian Ĥ(R), will acquire a geometrical phase factor exp{iγ(C)} in addition to the familiar dynamical phase factor. An explicit general formula for γ(C) is derived in terms of the spectrum and eigenstates of Ĥ(R) over a surface spanning C. If C lies near a degeneracy of Ĥ, γ(C) takes a simple form which includes as a special case the sign change of eigenfunctions of real symmetric matrices round a degeneracy. As an illustration γ(C) is calculated for spinning particles in slowly-changing magnetic fields; although the sign reversal of spinors on rotation is a special case, the effect is predicted to occur for bosons as well as fermions, and a method for observing it is proposed. It is shown that the Aharonov-Bohm effect can be interpreted as a geometrical phase factor. }
}

@book{Nakahara1990,
      author        = "Nakahara, Mikio",
      title         = "{Geometry, topology and physics}",
      publisher     = "Hilger",
      address       = "Bristol",
      series        = "Graduate student series in physics",
      year          = "1990",
      url           = "https://cds.cern.ch/record/206619",
}

@incollection{Kane2013,
  doi = {10.1016/b978-0-444-63314-9.00001-9},
  url = {https://doi.org/10.1016/b978-0-444-63314-9.00001-9},
  year = {2013},
  publisher = {Elsevier},
  pages = {3--34},
  author = {C.L. Kane},
  title = {Topological Band Theory and the $\mathds Z_2$ Invariant},
  booktitle = {Contemporary Concepts of Condensed Matter Science}
}

@article{Lohse2018,
  doi = {10.1038/nature25000},
  url = {https://doi.org/10.1038/nature25000},
  year = {2018},
  month = jan,
  publisher = {Springer Science and Business Media {LLC}},
  volume = {553},
  number = {7686},
  pages = {55--58},
  author = {Michael Lohse and Christian Schweizer and Hannah M. Price and Oded Zilberberg and Immanuel Bloch},
  title = {Exploring 4D quantum Hall physics with a 2D topological charge pump},
  journal = {Nature}
}

@article{Goldman2017,
  title = {Synthetic dimensions for cold atoms from shaking a harmonic trap},
  author = {Price, Hannah M. and Ozawa, Tomoki and Goldman, Nathan},
  journal = {Phys. Rev. A},
  volume = {95},
  issue = {2},
  pages = {023607},
  numpages = {17},
  year = {2017},
  month = {Feb},
  publisher = {American Physical Society},
  doi = {10.1103/PhysRevA.95.023607},
  url = {https://link.aps.org/doi/10.1103/PhysRevA.95.023607}
}

@article{Ferrari2002,
  title = {Collisional Properties of Ultracold K-Rb Mixtures},
  author = {Ferrari, G. and Inguscio, M. and Jastrzebski, W. and Modugno, G. and Roati, G. and Simoni, A.},
  journal = {Phys. Rev. Lett.},
  volume = {89},
  issue = {5},
  pages = {053202},
  numpages = {4},
  year = {2002},
  month = {Jul},
  publisher = {American Physical Society},
  doi = {10.1103/PhysRevLett.89.053202},
  url = {https://link.aps.org/doi/10.1103/PhysRevLett.89.053202}
}

@article{Lin2009,
  doi = {10.1038/nature08609},
  url = {https://doi.org/10.1038/nature08609},
  year = {2009},
  month = dec,
  publisher = {Springer Science and Business Media {LLC}},
  volume = {462},
  number = {7273},
  pages = {628--632},
  author = {Y.-J. Lin and R. L. Compton and K. Jim{\'{e}}nez-Garc{\'{\i}}a and J. V. Porto and I. B. Spielman},
  title = {Synthetic magnetic fields for ultracold neutral atoms},
  journal = {Nature}
}

@article{Lin2011,
  doi = {10.1038/nature09887},
  url = {https://doi.org/10.1038/nature09887},
  year = {2011},
  month = mar,
  publisher = {Springer Science and Business Media {LLC}},
  volume = {471},
  number = {7336},
  pages = {83--86},
  author = {Y.-J. Lin and K. Jim{\'{e}}nez-Garc{\'{\i}}a and I. B. Spielman},
  title = {Spin{\textendash}orbit-coupled Bose{\textendash}Einstein condensates},
  journal = {Nature}
}

@article{Mazza2012,
	doi = {10.1088/1367-2630/14/1/015007},
	url = {https://doi.org/10.1088%2F1367-2630%2F14%2F1%2F015007},
	year = 2012,
	month = {jan},
	publisher = {{IOP} Publishing},
	volume = {14},
	number = {1},
	pages = {015007},
	author = {Leonardo Mazza and Alejandro Bermudez and Nathan Goldman and Matteo Rizzi and Miguel Angel Martin-Delgado and Maciej Lewenstein},
	title = {An optical-lattice-based quantum simulator for relativistic field theories and topological insulators},
	journal = {New Journal of Physics},
	abstract = {We present a proposal for a versatile cold-atom-based quantum simulator of relativistic fermionic theories and topological insulators in arbitrary dimensions. The setup consists of a spin-independent optical lattice that traps a collection of hyperfine states of the same alkaline atom, to which the different degrees of freedom of the field theory to be simulated are then mapped. We show that the combination of bi-chromatic optical lattices with Raman transitions can allow the engineering of a spin-dependent tunneling of the atoms between neighboring lattice sites. These assisted-hopping processes can be employed for the quantum simulation of various interesting models, ranging from non-interacting relativistic fermionic theories to topological insulators. We present a toolbox for the realization of different types of relativistic lattice fermions, which can then be exploited to synthesize a majority of phases in the periodic table of topological insulators.}
}

@article{Freedman2002,
  doi = {10.1090/s0273-0979-02-00964-3},
  url = {https://doi.org/10.1090/s0273-0979-02-00964-3},
  year = {2002},
  month = oct,
  publisher = {American Mathematical Society ({AMS})},
  volume = {40},
  number = {01},
  pages = {31--39},
  author = {Michael H. Freedman and Alexei Kitaev and Michael J. Larsen and Zhenghan Wang},
  title = {Topological quantum computation},
  journal = {Bulletin of the American Mathematical Society}
}

@misc{feynmanlecturesonline,
  title = {The Feynman Lectures on Physics, Volume III},
  howpublished = {\url{https://www.feynmanlectures.caltech.edu/}},
  note = {Accessed: 2020-10-29}
}

@misc{topocondmat,
  title = {Topology in Condensed Matter},
  howpublished = {\url{https://topocondmat.org/}},
  note = {Accessed: 2020-10-20}
}

@misc{NP2016,
  title = {Press release: The Nobel Prize in Physics 2016.},
  howpublished = {\url{https://www.nobelprize.org/prizes/physics/2016/press-release/}},
  note = {Accessed: 2020-10-19}
}

@inproceedings{Kitaev2009,
  doi = {10.1063/1.3149495},
  url = {https://doi.org/10.1063/1.3149495},
  year = {2009},
  publisher = {{AIP}},
  author = {Alexei Kitaev and Vladimir Lebedev and Mikhail Feigel'man},
  title = {Periodic table for topological insulators and superconductors},
  booktitle = {{AIP} Conference Proceedings}
}

@article{Altland1997,
  title = {Nonstandard symmetry classes in mesoscopic normal-superconducting hybrid structures},
  author = {Altland, Alexander and Zirnbauer, Martin R.},
  journal = {Phys. Rev. B},
  volume = {55},
  issue = {2},
  pages = {1142--1161},
  numpages = {0},
  year = {1997},
  month = {Jan},
  publisher = {American Physical Society},
  doi = {10.1103/PhysRevB.55.1142},
  url = {https://link.aps.org/doi/10.1103/PhysRevB.55.1142}
}

@article{Storni2010,
  title = {Fractional Quantum Hall State at $\nu=\frac{5}{2}$ and the Moore-Read Pfaffian},
  author = {Storni, M. and Morf, R. H. and Das Sarma, S.},
  journal = {Phys. Rev. Lett.},
  volume = {104},
  issue = {7},
  pages = {076803},
  numpages = {4},
  year = {2010},
  month = {Feb},
  publisher = {American Physical Society},
  doi = {10.1103/PhysRevLett.104.076803},
  url = {https://link.aps.org/doi/10.1103/PhysRevLett.104.076803}
}

@article{Moore1991,
    title = "Nonabelions in the fractional quantum hall effect",
    journal = "Nuclear Physics B",
    volume = "360",
    number = "2",
    pages = "362 - 396",
    year = "1991",
    issn = "0550-3213",
    doi = "https://doi.org/10.1016/0550-3213(91)90407-O",
    url = "http://www.sciencedirect.com/science/article/pii/055032139190407O",
    author = "Gregory Moore and Nicholas Read",
    abstract = "Applications of conformal field theory to the theory of fractional quantum Hall systems are discussed. In particular, Laughlin's wave function and its cousins are interpreted as conformal blocks in certain rational conformal field theories. Using this point of view a hamiltonian is constructed for electrons for which the ground state is known exactly and whose quasihole excitations have nonabelian statistics; we term these objects “nonabelions”. It is argued that universality classes of fractional quantum Hall systems can be characterized by the quantum numbers and statistics of their excitations. The relation between the order parameter in the fractional quantum Hall effect and the chiral algebra in rational conformal field theory is stressed, and new order parameters for several states are given."
}

@article{Read1996,
  title = {Edge excitations of paired fractional quantum Hall states},
  author = {Milovanovi\'{c}, M. and Read, N.},
  journal = {Phys. Rev. B},
  volume = {53},
  issue = {20},
  pages = {13559--13582},
  numpages = {0},
  year = {1996},
  month = {May},
  publisher = {American Physical Society},
  doi = {10.1103/PhysRevB.53.13559},
  url = {https://link.aps.org/doi/10.1103/PhysRevB.53.13559}
}

@article{Buyens2015,
  author = "Buyens, Boye  and  Van Acoleyen, Karel  and  Haegeman, Jutho  and  Verstraete, Frank",
  title = "{Matrix product states for gauge field theories}",
  doi = "10.22323/1.214.0308",
  journal = "PoS",
  year = 2015,
  volume = "LATTICE2014",
  pages = "308"
}

@article{Banuls2014,
  author = "Banuls, Mari Carmen  and  Cichy, Krzysztof  and  Cirac, J. Ignacio  and  Jansen, Karl  and  Saito, Hana",
  title = "{Matrix Product States for Lattice Field Theories}",
  doi = "10.22323/1.187.0332",
  journal = "PoS",
  year = 2014,
  volume = "LATTICE 2013",
  pages = "332"
}

@article{Schmoll2020,
    title = "A programming guide for tensor networks with global SU(2) symmetry",
    journal = "Annals of Physics",
    volume = "419",
    pages = "168232",
    year = "2020",
    issn = "0003-4916",
    doi = "https://doi.org/10.1016/j.aop.2020.168232",
    url = "http://www.sciencedirect.com/science/article/pii/S0003491620301664",
    author = "Philipp Schmoll and Sukhbinder Singh and Matteo Rizzi and Román Orús",
    abstract = "This paper is a manual with tips and tricks for programming tensor network algorithms with global SU(2) symmetry. We focus on practical details that are many times overlooked when it comes to implementing the basic building blocks of codes, such as useful data structures to store the tensors, practical ways of manipulating them, and adapting typical functions for symmetric tensors. Here we do not restrict ourselves to any specific tensor network method, but keep always in mind that the implementation should scale well for simulations of higher-dimensional systems using, e.g., Projected Entangled Pair States, where tensors with many indices may show up. To this end, the structural tensors (or intertwiners) that arise in the usual decomposition of SU(2)-symmetric tensors are never explicitly stored throughout the simulation. Instead, we store and manipulate the corresponding fusion trees – an algebraic specification of the symmetry constraints on the tensor – in order to implement basic SU(2)-symmetric tensor operations. This fusion tree approach is readily extensible to anyonic systems, as we demonstrate for a chain of Fibonacci anyons."
}

@article{Barthel2016,
  title = {Matrix product purifications for canonical ensembles and quantum number distributions},
  author = {Barthel, Thomas},
  journal = {Phys. Rev. B},
  volume = {94},
  issue = {11},
  pages = {115157},
  numpages = {9},
  year = {2016},
  month = {Sep},
  publisher = {American Physical Society},
  doi = {10.1103/PhysRevB.94.115157},
  url = {https://link.aps.org/doi/10.1103/PhysRevB.94.115157}
}

@article{Barthel2013,
	doi = {10.1088/1367-2630/15/7/073010},
	url = {https://doi.org/10.1088%2F1367-2630%2F15%2F7%2F073010},
	year = 2013,
	month = {jul},
	publisher = {{IOP} Publishing},
	volume = {15},
	number = {7},
	pages = {073010},
	author = {Thomas Barthel},
	title = {Precise evaluation of thermal response functions by optimized density matrix renormalization group schemes},
	journal = {New Journal of Physics},
	abstract = {This paper provides a study and discussion of earlier as well as novel more efficient schemes for the precise evaluation of finite-temperature response functions of strongly correlated quantum systems in the framework of the time-dependent density matrix renormalization group (tDMRG). The computational costs and bond dimensions as functions of time and temperature are examined for the example of the spin-1/2 XXZ Heisenberg chain in the critical XY phase and the gapped Néel phase. The matrix product state purifications occurring in the algorithms are in a one-to-one relation with the corresponding matrix product operators. This notational simplification elucidates implications of quasi-locality on the computational costs. Based on the observation that there is considerable freedom in designing efficient tDMRG schemes for the calculation of dynamical correlators at finite temperatures, a new class of optimizable schemes, as recently suggested in Barthel, Schollwöck and Sachdev (2012 arXiv:1212.3570), is explained and analyzed numerically. A specific novel near-optimal scheme that requires no additional optimization reaches maximum times that are typically increased by a factor of 2, when compared against earlier approaches. These increased reachable times make many more physical applications accessible. For each of the described tDMRG schemes, one can devise a corresponding transfer matrix renormalization group variant.}
}

@article{Hauschild2018,
  title = {Finding purifications with minimal entanglement},
  author = {Hauschild, Johannes and Leviatan, Eyal and Bardarson, Jens H. and Altman, Ehud and Zaletel, Michael P. and Pollmann, Frank},
  journal = {Phys. Rev. B},
  volume = {98},
  issue = {23},
  pages = {235163},
  numpages = {7},
  year = {2018},
  month = {Dec},
  publisher = {American Physical Society},
  doi = {10.1103/PhysRevB.98.235163},
  url = {https://link.aps.org/doi/10.1103/PhysRevB.98.235163}
}

@article{Barnett1987,
	doi = {10.1088/0305-4470/20/2/026},
	url = {https://doi.org/10.1088%2F0305-4470%2F20%2F2%2F026},
	year = 1987,
	month = {feb},
	publisher = {{IOP} Publishing},
	volume = {20},
	number = {2},
	pages = {411--418},
	author = {S M Barnett and B J Dalton},
	title = {Liouville space description of thermofields and their generalisations},
	journal = {Journal of Physics A: Mathematical and General},
	abstract = {The thermofield representation of a thermal state by a pure-state wavefunction in a doubled Hilbert space is generalised to arbitrary and pure states. The authors employ a Liouville space formalism to investigate the connection between these generalised thermofield wavefunctions and a generalised thermofield state vector in Liouville space which is valid for all cases of the quantum density operator. The system dynamics in the Schrodinger and Heisenberg pictures are discussed.}
}

@article{Binder2015,
  title = {Minimally entangled typical thermal states versus matrix product purifications for the simulation of equilibrium states and time evolution},
  author = {Binder, Moritz and Barthel, Thomas},
  journal = {Phys. Rev. B},
  volume = {92},
  issue = {12},
  pages = {125119},
  numpages = {15},
  year = {2015},
  month = {Sep},
  publisher = {American Physical Society},
  doi = {10.1103/PhysRevB.92.125119},
  url = {https://link.aps.org/doi/10.1103/PhysRevB.92.125119}
}

@article{Fernandez2020,
  title = {Zero-site density matrix renormalization group and the optimal low-rank correction},
  author = {N\'u\~nez-Fern\'andez, Yuriel and Torroba, Gonzalo},
  journal = {Phys. Rev. B},
  volume = {101},
  issue = {8},
  pages = {085135},
  numpages = {7},
  year = {2020},
  month = {Feb},
  publisher = {American Physical Society},
  doi = {10.1103/PhysRevB.101.085135},
  url = {https://link.aps.org/doi/10.1103/PhysRevB.101.085135}
}

@article{White2005,
  title = {Density matrix renormalization group algorithms with a single center site},
  author = {White, Steven R.},
  journal = {Phys. Rev. B},
  volume = {72},
  issue = {18},
  pages = {180403},
  numpages = {4},
  year = {2005},
  month = {Nov},
  publisher = {American Physical Society},
  doi = {10.1103/PhysRevB.72.180403},
  url = {https://link.aps.org/doi/10.1103/PhysRevB.72.180403}
}

@article{Hubig2015,
  title = {Strictly single-site DMRG algorithm with subspace expansion},
  author = {Hubig, C. and McCulloch, I. P. and Schollw\"ock, U. and Wolf, F. A.},
  journal = {Phys. Rev. B},
  volume = {91},
  issue = {15},
  pages = {155115},
  numpages = {10},
  year = {2015},
  month = {Apr},
  publisher = {American Physical Society},
  doi = {10.1103/PhysRevB.91.155115},
  url = {https://link.aps.org/doi/10.1103/PhysRevB.91.155115}
}

@article{Haegeman2016,
  doi = {10.1103/physrevb.94.165116},
  url = {https://doi.org/10.1103/physrevb.94.165116},
  year = {2016},
  month = oct,
  publisher = {American Physical Society ({APS})},
  volume = {94},
  number = {16},
  author = {Jutho Haegeman and Christian Lubich and Ivan Oseledets and Bart Vandereycken and Frank Verstraete},
  title = {Unifying time evolution and optimization with matrix product states},
  journal = {Physical Review B}
}

@article{Haegeman2011,
  doi = {10.1103/physrevlett.107.070601},
  url = {https://doi.org/10.1103/physrevlett.107.070601},
  year = {2011},
  month = aug,
  publisher = {American Physical Society ({APS})},
  volume = {107},
  number = {7},
  author = {Jutho Haegeman and J. Ignacio Cirac and Tobias J. Osborne and Iztok Pi{\v{z}}orn and Henri Verschelde and Frank Verstraete},
  title = {Time-Dependent Variational Principle for Quantum Lattices},
  journal = {Physical Review Letters}
}

@book{Franchini2017,
  doi = {10.1007/978-3-319-48487-7},
  url = {https://doi.org/10.1007/978-3-319-48487-7},
  year = {2017},
  publisher = {Springer International Publishing},
  author = {Fabio Franchini},
  title = {An Introduction to Integrable Techniques for One-Dimensional Quantum Systems}
}

@article{Hubig2018,
  title = {Error estimates for extrapolations with matrix-product states},
  author = {Hubig, C. and Haegeman, J. and Schollw\"ock, U.},
  journal = {Phys. Rev. B},
  volume = {97},
  issue = {4},
  pages = {045125},
  numpages = {9},
  year = {2018},
  month = {Jan},
  publisher = {American Physical Society},
  doi = {10.1103/PhysRevB.97.045125},
  url = {https://link.aps.org/doi/10.1103/PhysRevB.97.045125}
}

@article{ZaunerStauber2018,
  title = {Variational optimization algorithms for uniform matrix product states},
  author = {Zauner-Stauber, V. and Vanderstraeten, L. and Fishman, M. T. and Verstraete, F. and Haegeman, J.},
  journal = {Phys. Rev. B},
  volume = {97},
  issue = {4},
  pages = {045145},
  numpages = {31},
  year = {2018},
  month = {Jan},
  publisher = {American Physical Society},
  doi = {10.1103/PhysRevB.97.045145},
  url = {https://link.aps.org/doi/10.1103/PhysRevB.97.045145}
}

@article{Phien2012,
  title = {Infinite boundary conditions for matrix product state calculations},
  author = {Phien, Ho N. and Vidal, Guifr\'e and McCulloch, Ian P.},
  journal = {Phys. Rev. B},
  volume = {86},
  issue = {24},
  pages = {245107},
  numpages = {10},
  year = {2012},
  month = {Dec},
  publisher = {American Physical Society},
  doi = {10.1103/PhysRevB.86.245107},
  url = {https://link.aps.org/doi/10.1103/PhysRevB.86.245107}
}


@book{Lehoucq1998,
  doi = {10.1137/1.9780898719628},
  url = {https://doi.org/10.1137/1.9780898719628},
  year = {1998},
  month = {jan},
  publisher = {Society for Industrial and Applied Mathematics},
  author = {R. B. Lehoucq and D. C. Sorensen and C. Yang},
  title = {{ARPACK} Users' Guide}
}

@article{Silvi2019,
  doi = {10.21468/scipostphyslectnotes.8},
  url = {https://doi.org/10.21468/scipostphyslectnotes.8},
  year = {2019},
  month = mar,
  publisher = {Stichting {SciPost}},
  author = {Pietro Silvi and Ferdinand Tschirsich and Matthias Gerster and Johannes J\"{u}nemann and Daniel Jaschke and Matteo Rizzi and Simone Montangero},
  title = {The Tensor Networks Anthology: Simulation techniques for many-body  quantum lattice systems},
  journal = {{SciPost} Physics Lecture Notes}
}

@article{Schollwoeck2011,
  doi = {10.1016/j.aop.2010.09.012},
  url = {https://doi.org/10.1016/j.aop.2010.09.012},
  year = {2011},
  month = jan,
  publisher = {Elsevier {BV}},
  volume = {326},
  number = {1},
  pages = {96--192},
  author = {Ulrich Schollw\"{o}ck},
  title = {The density-matrix renormalization group in the age of matrix product states},
  journal = {Annals of Physics}
}

@article{Calabrese2004,
  doi = {10.1088/1742-5468/2004/06/p06002},
  url = {https://doi.org/10.1088/1742-5468/2004/06/p06002},
  year = {2004},
  month = jun,
  publisher = {{IOP} Publishing},
  volume = {2004},
  number = {06},
  pages = {P06002},
  author = {Pasquale Calabrese and John Cardy},
  title = {Entanglement entropy and quantum field theory},
  journal = {Journal of Statistical Mechanics: Theory and Experiment}
}

@article{Hastings2007,
  doi = {10.1088/1742-5468/2007/08/p08024},
  url = {https://doi.org/10.1088/1742-5468/2007/08/p08024},
  year = {2007},
  month = aug,
  publisher = {{IOP} Publishing},
  volume = {2007},
  number = {08},
  pages = {P08024--P08024},
  author = {M B Hastings},
  title = {An area law for one-dimensional quantum systems},
  journal = {Journal of Statistical Mechanics: Theory and Experiment}
}

@article{Eisert2010,
  title = {Colloquium: Area laws for the entanglement entropy},
  author = {Eisert, J. and Cramer, M. and Plenio, M. B.},
  journal = {Rev. Mod. Phys.},
  volume = {82},
  issue = {1},
  pages = {277--306},
  numpages = {0},
  year = {2010},
  month = {Feb},
  publisher = {American Physical Society},
  doi = {10.1103/RevModPhys.82.277},
  url = {https://link.aps.org/doi/10.1103/RevModPhys.82.277}
}

@article{White1992,
  title = {Density matrix formulation for quantum renormalization groups},
  author = {White, Steven R.},
  journal = {Phys. Rev. Lett.},
  volume = {69},
  issue = {19},
  pages = {2863--2866},
  numpages = {0},
  year = {1992},
  month = {Nov},
  publisher = {American Physical Society},
  doi = {10.1103/PhysRevLett.69.2863},
  url = {https://link.aps.org/doi/10.1103/PhysRevLett.69.2863}
}

@article{Horodecki2006,
  doi = {10.1007/s00220-006-0118-x},
  url = {https://doi.org/10.1007/s00220-006-0118-x},
  year = {2006},
  month = oct,
  publisher = {Springer Science and Business Media {LLC}},
  volume = {269},
  number = {1},
  pages = {107--136},
  author = {Micha{\l} Horodecki and Jonathan Oppenheim and Andreas Winter},
  title = {Quantum State Merging and Negative Information},
  journal = {Communications in Mathematical Physics}
}

@article{Schumacher1996,
  title = {Quantum data processing and error correction},
  author = {Schumacher, Benjamin and Nielsen, M. A.},
  journal = {Phys. Rev. A},
  volume = {54},
  issue = {4},
  pages = {2629--2635},
  numpages = {0},
  year = {1996},
  month = {Oct},
  publisher = {American Physical Society},
  doi = {10.1103/PhysRevA.54.2629},
  url = {https://link.aps.org/doi/10.1103/PhysRevA.54.2629}
}

@article{Horodecki1994,
  title = "Quantum redundancies and local realism",
  journal = "Physics Letters A",
  volume = "194",
  number = "3",
  pages = "147 - 152",
  year = "1994",
  issn = "0375-9601",
  doi = "https://doi.org/10.1016/0375-9601(94)91275-0",
  url = "http://www.sciencedirect.com/science/article/pii/0375960194912750",
  author = "R. Horodecki and P. Horodecki",
  abstract = "The basic properties of quantum redundancies are presented. The previous definitions of the informationally coherent quantum (ICQ) system are generalized in terms of the redundancies. The ICQ systems are also considered in the context of local realism in terms of the information integrity factor η. The classical region η⩽12 for the two classes of mixed, nonfactorizable states admitting the local hidden variable model is found."
}

@article{Schumacher1995,
  title = {Quantum coding},
  author = {Schumacher, Benjamin},
  journal = {Phys. Rev. A},
  volume = {51},
  issue = {4},
  pages = {2738--2747},
  numpages = {0},
  year = {1995},
  month = {Apr},
  publisher = {American Physical Society},
  doi = {10.1103/PhysRevA.51.2738},
  url = {https://link.aps.org/doi/10.1103/PhysRevA.51.2738}
}

@article{Horodecki2009,
  title = {Quantum entanglement},
  author = {Horodecki, Ryszard and Horodecki, Pawe\l{} and Horodecki, Micha\l{} and Horodecki, Karol},
  journal = {Rev. Mod. Phys.},
  volume = {81},
  issue = {2},
  pages = {865--942},
  numpages = {0},
  year = {2009},
  month = {Jun},
  publisher = {American Physical Society},
  doi = {10.1103/RevModPhys.81.865},
  url = {https://link.aps.org/doi/10.1103/RevModPhys.81.865}
}

@article{Reid2009,
  title = {Colloquium: The Einstein-Podolsky-Rosen paradox: From concepts to applications},
  author = {Reid, M. D. and Drummond, P. D. and Bowen, W. P. and Cavalcanti, E. G. and Lam, P. K. and Bachor, H. A. and Andersen, U. L. and Leuchs, G.},
  journal = {Rev. Mod. Phys.},
  volume = {81},
  issue = {4},
  pages = {1727--1751},
  numpages = {0},
  year = {2009},
  month = {Dec},
  publisher = {American Physical Society},
  doi = {10.1103/RevModPhys.81.1727},
  url = {https://link.aps.org/doi/10.1103/RevModPhys.81.1727}
}

@article{EPR1935,
  title = {Can Quantum-Mechanical Description of Physical Reality Be Considered Complete?},
  author = {Einstein, A. and Podolsky, B. and Rosen, N.},
  journal = {Phys. Rev.},
  volume = {47},
  issue = {10},
  pages = {777--780},
  numpages = {0},
  year = {1935},
  month = {May},
  publisher = {American Physical Society},
  doi = {10.1103/PhysRev.47.777},
  url = {https://link.aps.org/doi/10.1103/PhysRev.47.777}
}

@article{Schrdinger1935,
  doi = {10.1017/s0305004100013554},
  url = {https://doi.org/10.1017/s0305004100013554},
  year = {1935},
  month = oct,
  publisher = {Cambridge University Press ({CUP})},
  volume = {31},
  number = {4},
  pages = {555--563},
  author = {E. Schr\"{o}dinger},
  title = {Discussion of Probability Relations between Separated Systems},
  journal = {Mathematical Proceedings of the Cambridge Philosophical Society}
}

@article{Schrdinger1936,
  doi = {10.1017/s0305004100019137},
  url = {https://doi.org/10.1017/s0305004100019137},
  year = {1936},
  month = oct,
  publisher = {Cambridge University Press ({CUP})},
  volume = {32},
  number = {3},
  pages = {446--452},
  author = {E. Schr\"{o}dinger},
  title = {Probability relations between separated systems},
  journal = {Mathematical Proceedings of the Cambridge Philosophical Society}
}

@article{Marzari2012,
  title = {Maximally localized Wannier functions: Theory and applications},
  author = {Marzari, Nicola and Mostofi, Arash A. and Yates, Jonathan R. and Souza, Ivo and Vanderbilt, David},
  journal = {Rev. Mod. Phys.},
  volume = {84},
  issue = {4},
  pages = {1419--1475},
  numpages = {0},
  year = {2012},
  month = {Oct},
  publisher = {American Physical Society},
  doi = {10.1103/RevModPhys.84.1419},
  url = {https://link.aps.org/doi/10.1103/RevModPhys.84.1419}
}

@article{Kogut1979,
  title = {An introduction to lattice gauge theory and spin systems},
  author = {Kogut, John B.},
  journal = {Rev. Mod. Phys.},
  volume = {51},
  issue = {4},
  pages = {659--713},
  numpages = {0},
  year = {1979},
  month = {Oct},
  publisher = {American Physical Society},
  doi = {10.1103/RevModPhys.51.659},
  url = {https://link.aps.org/doi/10.1103/RevModPhys.51.659}
}


@article{Bloch1929,
  doi = {10.1007/bf01339455},
  url = {https://doi.org/10.1007/bf01339455},
  year = {1929},
  month = jul,
  publisher = {Springer Science and Business Media {LLC}},
  volume = {52},
  number = {7-8},
  pages = {555--600},
  author = {Felix Bloch},
  title = {Über die Quantenmechanik der Elektronen in Kristallgittern},
  journal = {Zeitschrift für Physik}
}

@article{KronigPenney1931,
  doi = {10.1098/rspa.1931.0019},
  url = {https://doi.org/10.1098/rspa.1931.0019},
  year = {1931},
  month = feb,
  publisher = {The Royal Society},
  volume = {130},
  number = {814},
  pages = {499--513},
  title = {Quantum mechanics of electrons in crystal lattices},
  journal = {Proceedings of the Royal Society of London. Series A,  Containing Papers of a Mathematical and Physical Character}
}

@article{vonDelft1998,
  doi = {10.1002/(sici)1521-3889(199811)7:4<225::aid-andp225>3.0.co;2-l},
  url = {https://doi.org/10.1002/(sici)1521-3889(199811)7:4<225::aid-andp225>3.0.co;2-l},
  year = {1998},
  month = nov,
  publisher = {Wiley},
  volume = {7},
  number = {4},
  pages = {225--305},
  author = {Jan von Delft and Herbert Schoeller},
  title = {Bosonization for beginners - refermionization for experts},
  journal = {Annalen der Physik}
}

@article{Bomantara2019,
  title = {Coupled-wire construction of static and Floquet second-order topological insulators},
  author = {Bomantara, Raditya Weda and Zhou, Longwen and Pan, Jiaxin and Gong, Jiangbin},
  journal = {Phys. Rev. B},
  volume = {99},
  issue = {4},
  pages = {045441},
  numpages = {13},
  year = {2019},
  month = {Jan},
  publisher = {American Physical Society},
  doi = {10.1103/PhysRevB.99.045441},
  url = {https://link.aps.org/doi/10.1103/PhysRevB.99.045441}
}

@article{Zhou2018,
  title = {Floquet topological phases in a spin-$1/2$ double kicked rotor},
  author = {Zhou, Longwen and Gong, Jiangbin},
  journal = {Phys. Rev. A},
  volume = {97},
  issue = {6},
  pages = {063603},
  numpages = {10},
  year = {2018},
  month = {Jun},
  publisher = {American Physical Society},
  doi = {10.1103/PhysRevA.97.063603},
  url = {https://link.aps.org/doi/10.1103/PhysRevA.97.063603}
}

@article{Xie2019,
  doi = {10.1038/s41534-019-0159-6},
  url = {https://www.nature.com/articles/s41534-019-0159-6},
  year = {2019},
  month = may,
  volume = {5},
  pages = {55},
  author = {Dizhou Xie and Wei Gou and Teng Xiao and Bryce Gadway and Bo Yan},
  title = {Topological characterizations of an extended Su-Schrieffer-Heeger model},
  journal = {NPJ Quantum Information}
}

@article{Wang2019,
	Author = {Wang, Yao and Lu, Yong-Heng and Mei, Feng and Gao, Jun and Li, Zhan-Ming and Tang, Hao and Zhu, Shi-Liang and Jia, Suotang and Jin, Xian-Min},
	Doi = {10.1103/PhysRevLett.122.193903},
	Issue = {19},
	Journal = {Phys. Rev. Lett.},
	Month = {May},
	Numpages = {6},
	Pages = {193903},
	Title = {Direct Observation of Topology from Single-Photon Dynamics},
	Url = {https://link.aps.org/doi/10.1103/PhysRevLett.122.193903},
	Volume = {122},
	Year = {2019}
}

@article{Wang2018,
	Author = {Wang, Xiaoping and Xiao, Lei and Qiu, Xingze and Wang, Kunkun and Yi, Wei and Xue, Peng},
	Doi = {10.1103/PhysRevA.98.013835},
	Issue = {1},
	Journal = {Phys. Rev. A},
	Month = {Jul},
	Numpages = {7},
	Pages = {013835},
	Title = {Detecting topological invariants and revealing topological phase transitions in discrete-time photonic quantum walks},
	Url = {https://link.aps.org/doi/10.1103/PhysRevA.98.013835},
	Volume = {98},
	Year = {2018}
}

@article{Zeuner2015,
  title = {Observation of a Topological Transition in the Bulk of a Non-Hermitian System},
  author = {Zeuner, Julia M. and Rechtsman, Mikael C. and Plotnik, Yonatan and Lumer, Yaakov and Nolte, Stefan and Rudner, Mark S. and Segev, Mordechai and Szameit, Alexander},
  journal = {Phys. Rev. Lett.},
  volume = {115},
  issue = {4},
  pages = {040402},
  numpages = {5},
  year = {2015},
  month = {Jul},
  publisher = {American Physical Society},
  doi = {10.1103/PhysRevLett.115.040402},
  url = {https://link.aps.org/doi/10.1103/PhysRevLett.115.040402}
}

@article{Rudner2009,
  title = {Topological Transition in a Non-Hermitian Quantum Walk},
  author = {Rudner, M. S. and Levitov, L. S.},
  journal = {Phys. Rev. Lett.},
  volume = {102},
  issue = {6},
  pages = {065703},
  numpages = {4},
  year = {2009},
  month = {Feb},
  publisher = {American Physical Society},
  doi = {10.1103/PhysRevLett.102.065703},
  url = {https://link.aps.org/doi/10.1103/PhysRevLett.102.065703}
}

@article{Atala2013,
  doi = {10.1038/nphys2790},
  url = {https://doi.org/10.1038/nphys2790},
  year = {2013},
  month = nov,
  publisher = {Springer Science and Business Media {LLC}},
  volume = {9},
  number = {12},
  pages = {795--800},
  author = {Marcos Atala and Monika Aidelsburger and Julio T. Barreiro and Dmitry Abanin and Takuya Kitagawa and Eugene Demler and Immanuel Bloch},
  title = {Direct measurement of the Zak phase in topological Bloch bands},
  journal = {Nature Physics}
}

@article{Murmann2015,
  title = {Two Fermions in a Double Well: Exploring a Fundamental Building Block of the Hubbard Model},
  author = {Murmann, Simon and Bergschneider, Andrea and Klinkhamer, Vincent M. and Z\"urn, Gerhard and Lompe, Thomas and Jochim, Selim},
  journal = {Phys. Rev. Lett.},
  volume = {114},
  issue = {8},
  pages = {080402},
  numpages = {5},
  year = {2015},
  month = {Feb},
  publisher = {American Physical Society},
  doi = {10.1103/PhysRevLett.114.080402},
  url = {https://link.aps.org/doi/10.1103/PhysRevLett.114.080402}
}

@article{Omran2015,
  title = {Microscopic Observation of Pauli Blocking in Degenerate Fermionic Lattice Gases},
  author = {Omran, Ahmed and Boll, Martin and Hilker, Timon A. and Kleinlein, Katharina and Salomon, Guillaume and Bloch, Immanuel and Gross, Christian},
  journal = {Phys. Rev. Lett.},
  volume = {115},
  issue = {26},
  pages = {263001},
  numpages = {5},
  year = {2015},
  month = {Dec},
  publisher = {American Physical Society},
  doi = {10.1103/PhysRevLett.115.263001},
  url = {https://link.aps.org/doi/10.1103/PhysRevLett.115.263001}
}

@article{Cheuk2015,
  title = {Quantum-Gas Microscope for Fermionic Atoms},
  author = {Cheuk, Lawrence W. and Nichols, Matthew A. and Okan, Melih and Gersdorf, Thomas and Ramasesh, Vinay V. and Bakr, Waseem S. and Lompe, Thomas and Zwierlein, Martin W.},
  journal = {Phys. Rev. Lett.},
  volume = {114},
  issue = {19},
  pages = {193001},
  numpages = {5},
  year = {2015},
  month = {May},
  publisher = {American Physical Society},
  doi = {10.1103/PhysRevLett.114.193001},
  url = {https://link.aps.org/doi/10.1103/PhysRevLett.114.193001}
}

@article{Haller2015,
  doi = {10.1038/nphys3403},
  url = {https://doi.org/10.1038/nphys3403},
  year = {2015},
  month = jul,
  publisher = {Springer Science and Business Media {LLC}},
  volume = {11},
  number = {9},
  pages = {738--742},
  author = {Elmar Haller and James Hudson and Andrew Kelly and Dylan A. Cotta and Bruno Peaudecerf and Graham D. Bruce and Stefan Kuhr},
  title = {Single-atom imaging of fermions in a quantum-gas microscope},
  journal = {Nature Physics}
}

@article{Tirrito2019,
  title = {Renormalization group flows for Wilson-Hubbard matter and the topological Hamiltonian},
  author = {Tirrito, E. and Rizzi, M. and Sierra, G. and Lewenstein, M. and Bermudez, A.},
  journal = {Phys. Rev. B},
  volume = {99},
  issue = {12},
  pages = {125106},
  numpages = {17},
  year = {2019},
  month = {Mar},
  publisher = {American Physical Society},
  doi = {10.1103/PhysRevB.99.125106},
  url = {https://link.aps.org/doi/10.1103/PhysRevB.99.125106}
}

@article{Calabrese2005,
  doi = {10.1088/1742-5468/2005/04/p04010},
  url = {https://doi.org/10.1088/1742-5468/2005/04/p04010},
  year = {2005},
  month = apr,
  publisher = {{IOP} Publishing},
  volume = {2005},
  number = {04},
  pages = {P04010},
  author = {Pasquale Calabrese and John Cardy},
  title = {Evolution of entanglement entropy in one-dimensional systems},
  journal = {J. Stat. Mech.: Theory and Experiment}
}

@article{Calabrese2007,
  doi = {10.1088/1742-5468/2007/10/p10004},
  url = {https://doi.org/10.1088/1742-5468/2007/10/p10004},
  year = {2007},
  month = oct,
  publisher = {{IOP} Publishing},
  volume = {2007},
  number = {10},
  pages = {P10004--P10004},
  author = {Pasquale Calabrese and John Cardy},
  title = {Entanglement and correlation functions following a local quench: a conformal field theory approach},
  journal = {Journal of Statistical Mechanics: Theory and Experiment}
}

@article{Paeckel2019,
  doi = {10.1016/j.aop.2019.167998},
  url = {https://doi.org/10.1016/j.aop.2019.167998},
  year = {2019},
  month = dec,
  publisher = {Elsevier {BV}},
  volume = {411},
  pages = {167998},
  author = {Sebastian Paeckel and Thomas K\"{o}hler and Andreas Swoboda and Salvatore R. Manmana and Ulrich Schollw\"{o}ck and Claudius Hubig},
  title = {Time-evolution methods for matrix-product states},
  journal = {Ann. Phys.}
}

@article{Tran2015,
  title = {Topological Hofstadter insulators in a two-dimensional quasicrystal},
  author = {Tran, Duc-Thanh and Dauphin, Alexandre and Goldman, Nathan and Gaspard, Pierre},
  journal = {Phys. Rev. B},
  volume = {91},
  issue = {8},
  pages = {085125},
  numpages = {9},
  year = {2015},
  month = {Feb},
  publisher = {American Physical Society},
  doi = {10.1103/PhysRevB.91.085125},
  url = {https://link.aps.org/doi/10.1103/PhysRevB.91.085125}
}

@article{Bianco2011,
  title = {Mapping topological order in coordinate space},
  author = {Bianco, Raffaello and Resta, Raffaele},
  journal = {Phys. Rev. B},
  volume = {84},
  issue = {24},
  pages = {241106},
  numpages = {4},
  year = {2011},
  month = {Dec},
  publisher = {American Physical Society},
  doi = {10.1103/PhysRevB.84.241106},
  url = {https://link.aps.org/doi/10.1103/PhysRevB.84.241106}
}

@article{Ozawa2019,
  title = {Topological photonics},
  author = {Ozawa, Tomoki and Price, Hannah M. and Amo, Alberto and Goldman, Nathan and Hafezi, Mohammad and Lu, Ling and Rechtsman, Mikael C. and Schuster, David and Simon, Jonathan and Zilberberg, Oded and Carusotto, Iacopo},
  journal = {Rev. Mod. Phys.},
  volume = {91},
  issue = {1},
  pages = {015006},
  numpages = {76},
  year = {2019},
  month = {Mar},
  publisher = {American Physical Society},
  doi = {10.1103/RevModPhys.91.015006},
  url = {https://link.aps.org/doi/10.1103/RevModPhys.91.015006}
}

@article{Cooper2019,
  title = {Topological bands for ultracold atoms},
  author = {Cooper, N. R. and Dalibard, J. and Spielman, I. B.},
  journal = {Rev. Mod. Phys.},
  volume = {91},
  issue = {1},
  pages = {015005},
  numpages = {55},
  year = {2019},
  month = {Mar},
  publisher = {American Physical Society},
  doi = {10.1103/RevModPhys.91.015005},
  url = {https://link.aps.org/doi/10.1103/RevModPhys.91.015005}
}

@article{Hasan2010,
  title = {Colloquium: Topological insulators},
  author = {Hasan, M. Z. and Kane, C. L.},
  journal = {Rev. Mod. Phys.},
  volume = {82},
  issue = {4},
  pages = {3045--3067},
  numpages = {0},
  year = {2010},
  month = {Nov},
  publisher = {American Physical Society},
  doi = {10.1103/RevModPhys.82.3045},
  url = {https://link.aps.org/doi/10.1103/RevModPhys.82.3045}
}

@article{Manmana2012,
  title = {Topological invariants and interacting one-dimensional fermionic systems},
  author = {Manmana, Salvatore R. and Essin, Andrew M. and Noack, Reinhard M. and Gurarie, Victor},
  journal = {Phys. Rev. B},
  volume = {86},
  issue = {20},
  pages = {205119},
  numpages = {12},
  year = {2012},
  month = {Nov},
  publisher = {American Physical Society},
  doi = {10.1103/PhysRevB.86.205119},
  url = {https://link.aps.org/doi/10.1103/PhysRevB.86.205119}
}

@article{Gurarie2011,
  title = {Single-particle Green's functions and interacting topological insulators},
  author = {Gurarie, V.},
  journal = {Phys. Rev. B},
  volume = {83},
  issue = {8},
  pages = {085426},
  numpages = {15},
  year = {2011},
  month = {Feb},
  publisher = {American Physical Society},
  doi = {10.1103/PhysRevB.83.085426},
  url = {https://link.aps.org/doi/10.1103/PhysRevB.83.085426}
}

@article{Creutz1999,
  title = {End States, Ladder Compounds, and Domain-Wall Fermions},
  author = {Creutz, Michael},
  journal = {Phys. Rev. Lett.},
  volume = {83},
  issue = {13},
  pages = {2636--2639},
  numpages = {0},
  year = {1999},
  month = {Sep},
  publisher = {American Physical Society},
  doi = {10.1103/PhysRevLett.83.2636},
  url = {https://link.aps.org/doi/10.1103/PhysRevLett.83.2636}
}

@article{Juenemann2017,
  title = {Exploring Interacting Topological Insulators with Ultracold Atoms: The Synthetic Creutz-Hubbard Model},
  author = {J\"unemann, J. and Piga, A. and Ran, S.-J. and Lewenstein, M. and Rizzi, M. and Bermudez, A.},
  journal = {Phys. Rev. X},
  volume = {7},
  issue = {3},
  pages = {031057},
  numpages = {25},
  year = {2017},
  month = {Sep},
  publisher = {American Physical Society},
  doi = {10.1103/PhysRevX.7.031057},
  url = {https://link.aps.org/doi/10.1103/PhysRevX.7.031057}
}

@article{Cardano2017,
  doi = {10.1038/ncomms15516},
  url = {https://doi.org/10.1038/ncomms15516},
  year = {2017},
  volume = {8},
  number = {1},
  pages = {15516},
  author = {Filippo Cardano and Alessio D'Errico and Alexandre Dauphin and Maria Maffei and Bruno Piccirillo and Corrado de Lisio and Giulio De Filippis and Vittorio Cataudella and Enrico Santamato and Lorenzo Marrucci and Maciej Lewenstein and Pietro Massignan},
  title = {Detection of Zak phases and topological invariants in a chiral quantum walk of twisted photons},
  journal = {Nature Comm.}
}

@article{Maffei2018,
	Author = {Maffei, Maria and Dauphin, Alexandre and Cardano, Filippo and Lewenstein, Maciej and Massignan, Pietro},
	Doi = {10.1088/1367-2630/aa9d4c},
	Url = {http://dx.doi.org/10.1088/1367-2630/aa9d4c},
	Journal = {New J. Phys.},
	Number = {1},
	Pages = {013023},
	Title = {Topological characterization of chiral models through their long time dynamics},
	Volume = {20},
	Year = {2018}
}

@article{Meier2018,
	Author = {Meier, Eric J. and An, Fangzhao Alex and Dauphin, Alexandre and Maffei, Maria and Massignan, Pietro and Hughes, Taylor L. and Gadway, Bryce},
	Doi = {10.1126/science.aat3406},
	Issn = {0036-8075},
	Journal = {Science},
	Volume = {362},
	Pages = {929},
	Title = {Observation of the topological Anderson insulator in disordered atomic wires},
	Year = {2018},
	Url = {http://dx.doi.org/10.1126/science.aat3406}
}

@article{Parsons2015,
  title = {Site-Resolved Imaging of Fermionic $^{6}\mathrm{Li}$ in an Optical Lattice},
  author = {Parsons, Maxwell F. and Huber, Florian and Mazurenko, Anton and Chiu, Christie S. and Setiawan, Widagdo and Wooley-Brown, Katherine and Blatt, Sebastian and Greiner, Markus},
  journal = {Phys. Rev. Lett.},
  volume = {114},
  issue = {21},
  pages = {213002},
  numpages = {5},
  year = {2015},
  month = {May},
  publisher = {American Physical Society},
  doi = {10.1103/PhysRevLett.114.213002},
  url = {https://link.aps.org/doi/10.1103/PhysRevLett.114.213002}
}

@book{Essler2005, place={Cambridge}, title={The One-Dimensional Hubbard Model}, DOI={10.1017/CBO9780511534843}, publisher={Cambridge University Press}, author={Essler, Fabian H. L. and Frahm, Holger and Göhmann, Frank and Klümper, Andreas and Korepin, Vladimir E.}, year={2005}}
@book{Bruus2004,
  title={Many-Body Quantum Theory in Condensed Matter Physics: An Introduction},
  author={Bruus, H. and Flensberg, K. and Oxford University Press},
  isbn={9780198566335},
  lccn={2005272846},
  series={Oxford Graduate Texts},
  url={https://books.google.de/books?id=v5vhg1tYLC8C},
  year={2004},
  publisher={OUP Oxford}
}

@book{Gogolin2004,
  title={Bosonization and Strongly Correlated Systems},
  author={Gogolin, A.O. and Nersesyan, A.A. and Tsvelik, A.M.},
  isbn={9780521617192},
  lccn={97035519},
  url={https://books.google.de/books?id=BZDfFIpCoaAC},
  year={2004},
  publisher={Cambridge University Press}
}

@article{AshcroftMermin1978,
    title = {Solid State Physics. Von N. W. Ashcroft und N. D. Mermin; Holt, Rinehart and Winston, New York 1976, XXII, 826 Seiten, \$19,95},
    journal = {Physik in unserer Zeit},
    volume = {9},
    number = {1},
    pages = {33-33},
    doi = {10.1002/piuz.19780090109},
    url = {https://onlinelibrary.wiley.com/doi/abs/10.1002/piuz.19780090109},
    eprint = {https://onlinelibrary.wiley.com/doi/pdf/10.1002/piuz.19780090109},
    year = {1978}
}

@book{Czycholl2016,
  doi = {10.1007/978-3-662-47141-8},
  url = {https://doi.org/10.1007/978-3-662-47141-8},
  year = {2016},
  publisher = {Springer Berlin Heidelberg},
  author = {Gerd Czycholl},
  title = {Theoretische Festk\"{o}rperphysik Band 1}
}

@book{Giamarchi2003,
  doi = {10.1093/acprof:oso/9780198525004.001.0001},
  url = {https://doi.org/10.1093/acprof:oso/9780198525004.001.0001},
  year = {2003},
  month = dec,
  publisher = {Oxford University Press},
  author = {Thierry Giamarchi},
  title = {Quantum Physics in One Dimension}
}

@book{AltlandSimons2010, place={Cambridge}, edition={2}, title={Condensed Matter Field Theory}, DOI={10.1017/CBO9780511789984}, publisher={Cambridge University Press}, author={Altland, Alexander and Simons, Ben D.}, year={2010}}

@book{BruusFlensberg2004,
author = {Bruus, Henrik and Flensberg, Karsten},
year = {2004},
month = {01},
pages = {},
title = {Many-Body Quantum Theory in Condensed Matter Physics},
volume = {38},
journal = {Journal of Physics A-mathematical and General - J PHYS-A-MATH GEN},
doi = {10.1088/0305-4470/38/8/B01}
}

@incollection{Hall2013,
  doi = {10.1007/978-1-4614-7116-5\textunderscore14},
  url = {https://doi.org/10.1007/978-1-4614-7116-5_14},
  year = {2013},
  publisher = {Springer New York},
  pages = {279-304},
  author = {Brian C. Hall},
  title = {The Stone{\textendash}von Neumann Theorem},
  volume = {267},
  booktitle = {Quantum Theory for Mathematicians. Graduate Texts in Mathematics}
}

@book{Asboth2016,
	Author = {Asb{\'o}th, J{\'a}nos K. and Oroszl{\'a}ny, L{\'a}szl{\'o} and P{\'a}lyi, Andr{\'a}s},
	Place = {Cham},
	Publisher = {Springer},
	Title = {A short course on topological insulators: band structure and edge states in one and two dimensions},
	Year = {2016},
	url = {http://dx.doi.org/10.1007/978-3-319-25607-8},
    DOI={10.1007/978-3-319-25607-8}
}

@book{Bernevig2013,
	Author = {Bernevig, B.A. and Hughes, T.L.},
	Date-Added = {2018-10-18 19:15:45 +0200},
	Date-Modified = {2018-10-18 19:15:54 +0200},
	Isbn = {9780691151755},
	Lccn = {2012035384},
	Publisher = {Princeton University Press},
	Title = {Topological Insulators and Topological Superconductors},
	Url = {https://press.princeton.edu/titles/10039.html},
	Year = {2013}
}

@book{FetterWalecka2003,
author = {Fetter, Alexander and Walecka, John},
year = {2003},
month = {01},
pages = {},
title = {Quantum Theory of Many-Particle System},
volume = {25},
journal = {Physics Today},
doi = {10.1063/1.3071096}
}

@misc{DErrico2020,
    title={Bulk detection of time-dependent topological transitions in quenched chiral models},
    author={Alessio D'Errico and Francesco Di Colandrea and Raouf Barboza and Alexandre Dauphin and Maciej Lewenstein and Pietro Massignan and Lorenzo Marrucci and Filippo Cardano},
    year={2020},
    eprint={2001.05960},
    archivePrefix={arXiv}
}

@misc{Xie2019b,
    title={Topological quantum walks in momentum space with a Bose-Einstein condensate},
    author={Dizhou Xie and Tian-Shu Deng and Teng Xiao and Wei Gou and Tao Chen and Wei Yi and Bo Yan},
    year={2019},
    eprint={1906.12016},
    archivePrefix={arXiv}
}

@unpublished{Burrello2020,
  author        = {Michele Burrello},
  title         = {Lecture notes on Introduction to one-dimensional models},
  month         = {Winter term},
  year          = {2020},
  publisher={Niels Bohr Institute Copenhagen}
}

@unpublished{Rizzi2016,
  author        = {Matteo Rizzi},
  title         = {Lecture notes on advanced solid state physics II},
  month         = {Summer term},
  year          = {2016},
  publisher={Niels Bohr Institute Copenhagen}
}
